@misc{https://doi.org/10.48550/arxiv.2203.03571,
  doi = {10.48550/ARXIV.2203.03571},
  
  url = {https://arxiv.org/abs/2203.03571},
  
  author = {Bauer, Ulrich and Kerber, Michael and Roll, Fabian and Rolle, Alexander},
  
  keywords = {Algebraic Topology (math.AT), FOS: Mathematics, FOS: Mathematics, 55N31 (Primary) 55-02 (Secondary)},
  
  title = {A Unified View on the Functorial Nerve Theorem and its Variations},
  
  publisher = {arXiv},
  
  year = {2022},
  
  copyright = {arXiv.org perpetual, non-exclusive license}
}
